<record xmlns='http://www.loc.gov/MARC21/slim'><leader>02590ntm a2200409Ii 4500</leader><controlfield tag='001'>991058289559306011</controlfield><controlfield tag='005'>20220407114708.0</controlfield><controlfield tag='008'>220324q14501500fr  ap        000 0 eng d</controlfield><datafield ind1=' ' ind2=' ' tag='035'><subfield code='a'>(OCoLC)1305314833h</subfield></datafield><datafield ind1=' ' ind2=' ' tag='035'><subfield code='a'>(OCoLC)on1305314833h</subfield></datafield><datafield ind1=' ' ind2=' ' tag='040'><subfield code='a'>HRH</subfield><subfield code='b'>eng</subfield><subfield code='e'>dcrmmss</subfield><subfield code='c'>HRH</subfield></datafield><datafield ind1=' ' ind2=' ' tag='041'><subfield code='a'>fre</subfield><subfield code='a'>lat</subfield></datafield><datafield ind1=' ' ind2=' ' tag='049'><subfield code='a'>HRHH</subfield></datafield><datafield ind1=' ' ind2='9' tag='099'><subfield code='a'>MS 3327, Container 6</subfield></datafield><datafield ind1='0' ind2='0' tag='245'><subfield code='a'>Book of hours</subfield><subfield code='k'>manuscript.</subfield></datafield><datafield ind1=' ' ind2='0' tag='264'><subfield code='a'>France ;</subfield><subfield code='c'>between 1450 and 1500</subfield></datafield><datafield ind1=' ' ind2=' ' tag='300'><subfield code='a'>121 leaves;</subfield><subfield code='b'>parchment, illustrations,</subfield><subfield code='c'>16 x 18 cm</subfield></datafield><datafield ind1=' ' ind2=' ' tag='500'><subfield code='a'>Decoration includes seven large and twenty-four small miniatures, ornamental borders on pages with miniatures, and decorated initials throughout.</subfield></datafield><datafield ind1=' ' ind2=' ' tag='500'><subfield code='a'>Gothic textualis formata script</subfield></datafield><datafield ind1=' ' ind2=' ' tag='500'><subfield code='a'>Layout is 18 long lines ruled in light red ink.</subfield></datafield><datafield ind1=' ' ind2=' ' tag='506'><subfield code='a'>Unrestricted, for either reading room or classroom use, but coach user: use book supports.</subfield></datafield><datafield ind1=' ' ind2=' ' tag='581'><subfield code='a'>Schuller, Nancy Shelby. Book of Hours of the Virgin, XVc., Hours 6, Stark Library. University of Texas at Austin: Thesis, 1970.</subfield></datafield><datafield ind1=' ' ind2=' ' tag='590'><subfield code='a'>MS 3327, Container 6: From the estate of John Henry Wrenn, 1918; acquired by Wrenn from A. J. Bowden; see De Ricci, University of Texas, no. 5. DIDB Record Number: 10819. Binding: Full brown tanned calfskin over paper boards.  Caps missing, bookblock rounded and backed, natural hollow, smooth spine. Gold-tooled (1) borders on front and back covers, (2) fillets on all board edges, (3) rolls on turn-ins, (4) spine and (5) title label (red tanned goatskin). Sewing all-along over four recessed cords, additional oversewing front and back. Endleaves: front - sewn marbled handmade wove paper fold, tipped leaf off-white handmade laid paper making marbled paper pastedown, one marbled free endleaf, one laid paper free endleaf; back - same.  (19th c French De Ricci) HRC repair 2000</subfield></datafield><datafield ind1=' ' ind2=' ' tag='590'><subfield code='a'>A digital surrogate of Ransom Center copy MS 3327, Container 6 is available through the Digital Scriptorium.</subfield></datafield><datafield ind1=' ' ind2='7' tag='655'><subfield code='a'>Books of hours.</subfield><subfield code='2'>rbgenr</subfield></datafield><datafield ind1=' ' ind2='7' tag='655'><subfield code='a'>Decorated initials.</subfield><subfield code='2'>aat</subfield></datafield><datafield ind1=' ' ind2='7' tag='655'><subfield code='a'>Illuminated manuscripts.</subfield><subfield code='2'>aat</subfield></datafield><datafield ind1='1' ind2=' ' tag='790'><subfield code='a'>Wrenn, John Henry, 1841-1911,</subfield><subfield code='e'>former owner.</subfield></datafield><datafield ind1='1' ind2=' ' tag='790'><subfield code='a'>Bowden, A.J.,</subfield><subfield code='e'>former owner.</subfield></datafield><datafield ind1='2' ind2=' ' tag='791'><subfield code='a'>Medieval and Early Modern Manuscripts Collection.</subfield></datafield><datafield ind1=' ' ind2=' ' tag='752'><subfield code='a'>France,</subfield><subfield code='e'>producation place.</subfield></datafield><datafield ind1='4' ind2='0' tag='856'><subfield code='u'>http://ds.lib.berkeley.edu/HRC006_37</subfield><subfield code='y'>Digital copy for MS 3327, Container 6</subfield></datafield><datafield ind1=' ' ind2=' ' tag='945'><subfield code='a'>blw</subfield></datafield><datafield ind1='1' ind2=' ' tag='979'><subfield code='a'>Wrenn, John Henry, 1841-1911,</subfield><subfield code='e'>former owner.</subfield></datafield><datafield ind1='1' ind2=' ' tag='979'><subfield code='a'>Bowden, A.J.,</subfield><subfield code='e'>former owner.</subfield></datafield><datafield ind1='2' ind2=' ' tag='979'><subfield code='a'>Medieval and Early Modern Manuscripts Collection.</subfield></datafield><datafield ind1=' ' ind2=' ' tag='994'><subfield code='a'>C0</subfield><subfield code='b'>HRH</subfield></datafield></record>
